1810 2926
135 123 183 172 eoo
270 124 319 174 Ao
335 121 492 174 nonnoni.
508 91 605 170 amsi.
620 122 662 171 re.

134 243 803 316 muirnuootunaepiuseueemeaom
880 227 881 232 ’

134 323 235 378 ternpore
245 330 298 364 cum
309 317 391 376 multa,
402 325 495 379 propter
510 330 563 362 eum
574 329 659 362 uirum
676 329 753 389 quum
765 327 804 386 prq

134 393 158 426 re
175 379 268 441 publici
285 381 382 443 suscepi,
395 380 493 442 graviter
508 380 601 438 ferrem,
617 387 674 426 tum
688 379 752 426 mlul
765 376 804 424 tuli
877 427 881 446 4

132 443 232 504 gravius,
247 459 318 506 quam
330 459 368 492 me
386 459 431 506 npn
447 459 514 507 posse
527 444 610 492 metris
626 451 678 490 tuae
700 442 804 506 precibus

133 505 218 566 cedere,
233 521 280 556 non
296 509 391 556 sororis:
407 523 462 555 nam
478 508 520 556 tibi
537 506 613 570 (quod
629 507 694 554 mihi
712 504 804 570 plutini

133 568 177 630 est)
188 571 255 620 focile
265 588 304 622 me
315 573 483 622 sadsiacturum
498 571 633 620 arbitrabar.
652 571 735 618 Nullo
745 569 802 617 enim

132 635 202 684 modo
210 645 304 699 poterat
320 653 388 686 causa
404 636 488 699 Lepidi
505 635 618 698 distingui
637 637 670 682 ab
686 633 803 683 Antonio:
880 671 881 674 η

133 699 284 765 oqmiumque
297 701 383 762 judicio
401 700 470 748 etiem
485 699 564 748 durior
580 707 639 758 eret,
659 699 737 762 quod,
755 712 804 746 cum

133 761 258 872 ppuoribus
271 764 417 828 amplissimis
432 781 447 812 a
458 771 537 811 senatu
549 771 608 810 esset
620 763 732 825 Lepidus
742 777 803 810 orna-

161 842 180 886 e,
192 836 243 876 tum
256 829 324 876 etiam
335 829 414 902 paucis
430 835 483 874 ante
496 827 578 874 diebus
587 827 715 889 pr‘aeclares
731 827 802 874 litem

132 890 162 936 nd
173 901 277 939 senatum
290 891 402 946 misisset:
420 899 511 954 repente
524 905 572 937 non
582 891 661 938 solum
673 890 762 954 recepit
771 903 801 936 re-

131 953 214 1016 liquias
224 955 332 1012 hostium,
341 954 381 1001 sed
388 955 475 1002 bellum
483 953 621 1002 acerrimum
629 955 695 1002 terri
702 955 802 1016 murique
880 995 881 1002 ,

131 1017 204 1076 gerite
228 1019 295 1077 cujus
313 1017 388 1066 exitus
407 1019 449 1082 qui
465 1014 557 1064 firturue
575 1017 614 1074 sit,
630 1018 751 1066 incertum
763 1026 799 1065 st·

132 1079 223 1142 Itaque,
234 1096 288 1128 cum
299 1097 416 1144 rogemur,
430 1091 457 1130 ut
471 1081 651 1128 misericordiam
666 1082 749 1130 liberis
758 1083 801 1142 eju

130 1145 297 1206 impertiamus,
312 1145 371 1194 nihil
383 1147 484 1206 offertur,
495 1145 620 1209 quominus
638 1161 738 1194 summe
752 1161 801 1207 sup·

130 1207 209 1272 plicia,
222 1209 241 1256 si
253 1211 326 1273 (quod
334 1211 428 1272 Jupiter
437 1225 504 1258 omen
515 1217 602 1258 evertet
612 1209 633 1268 l)
644 1220 715 1272 pater
725 1223 801 1274 pueru-

131 1287 184 1322 rum
196 1273 281 1330 vicerit,
289 1273 408 1324 subeunde
415 1275 479 1323 nobis
490 1274 542 1322 sint.
559 1274 612 1322 Nec
618 1289 677 1322 vero
687 1290 730 1322 uie
739 1274 801 1337 fugit
880 1287 881 1310 l

132 1352 204 1402 quam
215 1338 244 1386 sit
254 1341 369 1396 acerbum,
381 1339 511 1402 parentium
521 1338 606 1386 scelera
616 1338 803 1404 filiorummnit
880 1347 881 1402 j

132 1401 174 1450 lui.
199 1403 245 1452 Sed
259 1403 303 1452 hoc
316 1403 422 1467 preclare
440 1403 528 1465 legibue
544 1412 711 1464 compnrauim
727 1415 769 1463 est,
778 1411 802 1450 ut
880 1411 881 1420 ¹

131 1466 212 1514 caritas
221 1467 345 1515 liberomm
355 1467 471 1514 amiciores
486 1474 590 1530 parentes
605 1467 748 1530 reipublice
757 1466 803 1516 red·

131 1529 201 1578 deret.
219 1529 301 1594 Itaque
311 1531 413 1594 Lepidus
423 1531 520 1580 crudelis
529 1530 554 1577 in
562 1530 658 1590 liberos,
667 1546 718 1580 uon
726 1533 756 1592 is,
765 1530 803 1596 qui
880 1559 881 1562 =

132 1593 249 1658 Lepidum
259 1595 347 1646 hostem
354 1595 448 1656 judicat.

164 1659 243 1721 Atque
253 1660 292 1708 ille
305 1660 333 1717 si,
346 1659 415 1706 armis
429 1659 515 1722 positis,
526 1659 556 1708 de
569 1657 593 1707 vi
606 1658 739 1708 damnatus
751 1665 802 1709 esd

132 1723 223 1784 (quoio
233 1722 803 1783 judiciocertedefensionemnonhuberet)‚eum-
880 1769 881 1776 ,

131 1783 184 1832 dem
203 1787 355 1835 calauritatem
373 1787 475 1835 subirent
490 1786 564 1845 liberi,
584 1787 652 1834 bonis
672 1788 802 1851 publiceris
880 1785 881 1788 '

132 1847 292 1912 Quamquam,
303 1851 367 1914 quod
376 1859 417 1898 tua
426 1858 605 1898 moteretsoror
612 1850 756 1914 deprecatum
764 1866 803 1926 pro
880 1859 881 1900 l

130 1913 215 1976 pueris,
226 1913 251 1960 id
260 1915 337 1977 ipsum
348 1923 371 1962 et
380 1915 454 1962 multa
460 1915 505 1962 aliu
512 1913 640 1961 crudeliora
647 1916 720 1963 nobis
730 1931 803 1964 omm-

130 1977 175 2024 bus
186 1977 297 2040 Lepidus,
302 1977 426 2037 Antonius,
435 1987 459 2026 et
468 1978 551 2042 reliqui
559 1978 647 2038 hostes,
655 1979 802 2028 denuntiant.

129 2041 214 2106 Itaque
223 2043 350 2092 muxinmm
361 2058 425 2106 spem
440 2043 483 2090 hoc
493 2051 596 2105 ternpore
605 2042 726 2092 babemus
737 2045 763 2091 in
773 2053 801 2102 te,
880 2099 881 2102 Ἴ

130 2114 200 2168 etque
218 2106 317 2156 exercitu
334 2115 382 2154 tuo.
404 2105 467 2156 Cum
481 2107 511 2154 ed
524 2105 658 2169 reipublice
674 2123 801 2166 summm,

130 2178 181 2216 tnm
192 2170 222 2216 ad
232 2171 329 2233 gloriam
339 2179 362 2218 et
369 2170 504 2234 dignitatem
510 2179 584 2228 tuam,
591 2169 745 2219 vehementer
752 2186 801 2234 per·

129 2233 195 2293 tinet,
206 2243 230 2281 te
240 2235 264 2280 in
275 2235 367 2284 Italiam
378 2239 415 2288 (ut
429 2243 482 2282 ante
492 2233 579 2296 scripsi)
591 2233 671 2282 venire
678 2235 798 2298 quampri·

128 2311 203 2344 mum.
220 2297 281 2360 Eget
291 2297 353 2345 enim
363 2299 507 2345 vehementer
517 2313 571 2350 cum
582 2297 671 2346 viribus
682 2300 740 2356 tuis,
751 2309 799 2345 tum

129 2360 198 2408 etiem
209 2361 310 2418 oonsilio,
322 2362 456 2426 respublica.
474 2362 590 2419 Veterem,
598 2376 642 2423 pro
651 2363 704 2422 ejus
715 2378 770 2424 erga
778 2371 799 2408 te

129 2425 285 2472 benevolentia
295 2425 450 2489 singularique
462 2425 544 2484 officio,
558 2424 659 2472 libenter
670 2441 702 2474 ex
717 2427 764 2474 tuis
772 2425 798 2471 li·

128 2486 181 2533 teris
200 2489 333 2548 complexus
352 2505 420 2537 sum:
438 2504 538 2552 eumque
551 2503 607 2536 cum
624 2489 669 2549 tui,
688 2499 743 2538 tum
759 2489 799 2538 rei-

126 2549 232 2608 publicae,
246 2552 436 2602 studiosissimum
451 2553 684 2616 unmusoimumque
693 2551 796 2618 cognoni-
