1820 2928
147 124 195 172 eso
258 119 550 182 anemurum.
567 121 672 171 man
689 125 715 170 2.

146 249 460 314 diligentissimescriberem:
471 249 611 312 quodfacio,
621 259 824 314 etteptorsrsse-

146 314 263 362 hernenter
270 314 339 361 etiam
346 321 415 376 atque
422 313 563 375 efismrogo,
570 315 825 378 utetprocuratonlus

146 378 221 426 Flavii
231 379 334 425 remittas
344 378 373 426 de
382 375 541 434 diminuendo,
549 385 573 425 et
580 377 612 425 de
619 377 823 442 Apollonidiensi-

145 442 189 489 bus
203 457 233 489 ne
249 441 306 505 quid
342 441 458 500 orsoribas,
473 441 537 504 quod
552 450 633 488 contm
652 443 770 490 Fluvium
779 443 821 489 sit:

146 506 256 569 emplius,
272 515 295 553 et
310 459 385 552 Flavii
399 503 476 562 causi,
488 513 511 552 et
521 505 608 553 scilicet
623 507 748 570 Pompeii,
760 506 823 554 noas

146 571 232 618 omnia.
258 571 320 618 Nolo
331 569 517 627 (mediusfidius)
528 569 607 616 extu&
617 569 712 631 injurii
722 571 750 617 in
760 571 822 618 illino

147 633 191 681 tibi
205 635 323 682 liberalem
337 647 375 680 me
394 633 481 680 viderit
498 632 537 680 sed
554 643 577 680 et
587 642 612 680 te
623 649 676 692 oro,
695 643 727 682 ut
742 643 770 682 tu
779 634 822 696 ipe

148 699 306 746 auctoritatem
323 705 345 744 et
357 697 527 744 monimentum
537 697 634 760 aliquod
644 698 739 746 decreti
749 707 791 746 sut
798 698 823 744 li-

147 771 249 810 terarum
259 772 351 810 tuarum
362 760 485 822 relinquas,
497 761 561 870 puod
571 760 601 807 sit
612 761 643 808 ad
655 762 740 809 Flavii
751 769 824 810 remes

147 826 177 874 sd
183 841 276 874 causam
284 823 489 872 accommodatum.
521 832 555 870 ert
563 825 626 871 euim
633 827 742 887 graviter
750 827 824 882 homo,

147 899 171 938 et
181 890 227 938 mei
238 887 457 943 observantissimus,
464 888 531 934 etsui
539 889 598 947 juris
608 889 784 954 dignitatisque
793 905 826 936 re·
888 921 889 932 ,

147 953 230 1012 tineos,
240 968 264 999 se
271 952 334 1014 apud
342 960 364 998 te
371 967 446 1014 neque
454 951 554 998 amicitis
560 966 637 1015 neque
645 953 703 1012 jure
709 955 825 1002 valuisse:

148 1025 179 1073 et,
191 1025 218 1063 ut
227 1016 316 1078 opinor,
332 1015 408 1062 Flavii
421 1015 545 1078 aliquando
559 1031 610 1062 rem
624 1025 648 1062 et
660 1017 795 1080 Pompeius
806 1027 826 1064 et

149 1079 227 1128 Cesar
237 1079 280 1126 tibi
290 1077 495 1127 commendinmt:
513 1079 598 1141 etipse
612 1079 644 1126 sd
660 1088 686 1127 te
705 1082 827 1144 scripserat

148 1143 251 1200 Flavius,
261 1151 284 1190 et
292 1158 334 1205 ego
342 1151 408 1190 certe.
426 1142 513 1200 Quare,
521 1142 540 1189 si
549 1143 639 1190 ollares
646 1153 691 1202 est,
701 1161 780 1208 quam
788 1144 827 1192 tibi

147 1223 186 1255 me
196 1207 324 1256 faciendam
331 1215 422 1270 petente
430 1215 506 1269 putes,
517 1205 644 1254 haeceasit.
663 1207 692 1256 Si
701 1223 743 1256 me
755 1225 828 1268 amre

148 1287 212 1332 cura,
221 1271 320 1330 elabora,
328 1271 418 1334 perfice,
427 1278 454 1317 ut
461 1269 555 1317 Flavius
566 1280 589 1318 et
599 1271 642 1318 tibi
650 1279 674 1318 et
681 1273 747 1320 mihi
755 1288 827 1336 quam

149 1337 264 1384 maximas
274 1335 359 1398 gratias
375 1344 436 1396 agat
460 1334 513 1381 Hoc
526 1341 549 1382 te
564 1335 597 1382 ita
616 1350 682 1398 rogo,
697 1345 726 1383 ut
737 1339 827 1398 majore

149 1400 226 1450 studio
236 1415 315 1462 rogare
326 1413 371 1446 non
379 1398 472 1460 possim.

183 1465 228 1514 lv.
246 1463 317 1523 Quod
335 1462 365 1509 ud
380 1459 566 1509 menenensis
584 1463 670 1521 scribis,
683 1464 747 1512 mihi
766 1467 826 1518 (me-

150 1529 253 1586 hercule)
264 1527 330 1574 valde
340 1527 462 1573 molestum
473 1526 526 1573 fuit.
551 1526 640 1574 Literss
654 1527 685 1574 ad
699 1537 724 1576 te
738 1545 825 1591 parum

149 1594 249 1640 fraterne
255 1592 401 1654 scripseram:
420 1606 486 1652 quas,
497 1590 598 1656 oratione
610 1591 715 1649 Diodoti,
725 1593 828 1640 Luculli

149 1656 233 1714 liberti,
241 1664 377 1712 commotus,
384 1653 413 1700 de
420 1654 524 1716 pactione
534 1654 611 1701 statim
620 1655 682 1717 quod
690 1655 824 1715 audieram,

150 1719 281 1766 iracundius
295 1717 437 1780 scripseram,
453 1725 475 1764 et
486 1733 589 1764 revocare
600 1719 730 1780 cupiebam.
759 1720 827 1767 Huic

149 1792 175 1830 tu
183 1782 344 1844 epistolae,non
353 1781 659 1843 fratemescriptafrateme
667 1781 825 1862 debesignos-
888 1829 889 1836 ,

151 1861 207 1894 cere.
230 1844 268 1890 De
284 1843 417 1904 Censorino,
437 1843 548 1903 Antonio,
563 1845 650 1904 Cassio,
666 1847 782 1906 Scaevola,
799 1855 825 1894 te

152 1911 182 1956 ab
192 1909 220 1955 iis
230 1907 295 1969 diligi
310 1911 347 1959 (ut
361 1907 449 1966 scribis)
461 1909 605 1956 vehementer
614 1908 713 1970 gaudeo.
731 1909 824 1958 Caetera

152 1975 246 2021 fuerunt
262 1972 286 2018 in
304 1971 383 2018 eidem
399 1972 494 2035 epistolis
508 1972 619 2035 graviora,
638 1988 711 2035 quam
727 1974 822 2022 vellem.

155 2041 226 2100 Opici
239 2055 278 2082 ταν
290 2053 345 2093 root,
356 2044 379 2082 et
389 2035 449 2096 ἅπαξ
461 2039 538 2082 &aaran
554 2036 647 2096 lllajora
657 2037 702 2082 isia
712 2045 790 2085 erunt.

189 2100 254 2147 Mea
272 2100 440 2161 objurgationes
457 2099 552 2147 fuerunt
569 2099 652 2147 amoris
670 2101 822 2162 plenissimae

153 2181 206 2228 que
216 2171 271 2212 sunt
281 2164 406 2222 nonnullae,
418 2163 459 2208 sed
470 2171 548 2210 tamen
558 2163 692 2221 mediocres,
709 2172 734 2212 et
743 2180 820 2226 parve

58 2263 62 2270 .
152 2227 236 2290 potius.
253 2227 305 2287 Ego
316 2238 338 2272 te
349 2241 469 2288 nunquam
479 2227 529 2274 ulle
539 2227 564 2273 in
575 2242 599 2274 re
609 2227 708 2288 dignum
720 2229 820 2276 minima

152 2289 325 2351 reprehensione
332 2289 458 2350 putassem,
470 2305 523 2336 cum
535 2299 557 2337 te
568 2290 709 2338 sanctissime
719 2307 819 2353 gereres,

152 2351 196 2396 nisi
213 2351 316 2398 inimicos
327 2353 412 2398 multos
423 2352 565 2400 haberemus.
591 2352 653 2412 Quae
663 2353 694 2400 ad
705 2363 729 2401 te
739 2355 818 2418 aliqui

152 2413 306 2459 admonitione
316 2423 357 2460 aut
367 2415 525 2476 objurgatione
535 2417 622 2478 scripsi,
634 2417 714 2478 scripsi
725 2427 819 2480 propter

152 2472 294 2531 diligentiam
313 2476 423 2523 cautionis
434 2493 499 2538 mese,
511 2479 536 2524 in
547 2481 594 2542 qud
604 2488 627 2526 et
637 2495 721 2526 maneo
732 2489 758 2528 et
768 2497 819 2528 ms·

106 2555 111 2562 ι
151 2533 226 2586 nebo;
244 2545 275 2589 et,
287 2537 349 2582 idem
360 2539 474 2598 missiae,
486 2557 532 2588 non
543 2543 652 2590 desistam
663 2558 753 2604 rogare.

149 2645 152 2652 Δ
183 2595 275 2642 Attalus
293 2599 433 2660 Iphomenus
447 2618 538 2652 mecum
556 2605 611 2668 egit,
630 2613 657 2654 ut
667 2622 692 2655 se
702 2621 733 2654 ne
743 2607 817 2670 impe·
