1836 2928
136 199 184 246 ros
239 197 292 246 nn
309 195 477 245 sormunt.
495 195 556 245 nm.
567 181 644 245 mir.
660 194 700 241 ro.

135 325 229 389 quidem
246 323 271 372 in
283 323 371 389 optimi
386 340 426 388 spe
438 339 506 388 pono.
528 323 593 371 Illud
609 337 699 380 secuso,
710 336 758 369 non
774 330 807 380 te,

134 389 174 437 sed
184 389 258 447 illem,
269 404 299 436 ne
309 390 407 444 salutem
416 389 518 452 quidem.
542 389 578 435 At
589 395 615 434 tu
627 395 650 434 et
660 387 696 433 illi
707 394 730 434 et
741 386 809 436 Pilio

133 453 258 516 plurimam
268 471 275 500 r
292 469 334 501 neo
340 469 378 501 ms
385 461 461 500 tomen
467 451 533 500 irasci
543 450 658 499 indici'ris.
675 450 808 514 Epistulam

135 517 230 566 Caeseris
240 518 301 579 misi,
313 517 333 565 si
343 517 421 565 minus
430 517 530 580 legisses.

266 707 334 776 (re.)
352 709 479 758 cronno
495 705 629 755 Ammo
646 706 671 754 s.

167 837 363 886 Antemeridienis
380 838 425 885 tuis
440 837 511 884 literis
526 836 576 884 heri
586 836 668 884 statim
684 832 806 896 rescripsi.

134 917 197 950 nuno
206 902 331 965 respondeo
342 890 483 964 vespertinis.
499 902 597 956 Brutus,
606 899 711 956 mallem,
723 913 762 944 me
770 913 809 944 ar-

133 975 243 1014 tesserete
260 981 315 1012 nom
323 974 346 1012 et
357 966 509 1028 requietem,
518 981 571 1012 cum
582 961 617 1011 illi
627 965 670 1010 iter
680 963 777 1009 instaret
785 971 809 1008 et

134 1031 237 1077 subitum
249 1037 271 1076 et
285 1029 399 1092 longumr
418 1040 440 1076 et
452 1029 602 1093 (mehercule)
616 1042 687 1082 nunc,
701 1041 760 1074 eum*
774 1025 808 1072 its

133 1093 206 1140 simus
212 1093 295 1156 affecti,
302 1102 329 1140 ut
335 1107 381 1139 non
388 1093 502 1156 possimus
508 1094 576 1156 plene
585 1092 655 1140 simul
663 1091 747 1144 vivere,
761 1090 779 1143 (“
798 1118 809 1128 -

133 1157 217 1220 telligis
228 1157 289 1204 enim
301 1157 410 1220 profecto,
421 1157 446 1204 in
456 1173 503 1220 quo
513 1157 615 1204 maxime
625 1155 699 1221 posits
709 1154 739 1202 sit
752 1173 809 1212 συμ-

133 1220 223 1296 βιωσις)
238 1221 305 1270 focile
320 1221 432 1284 patiebar,
447 1236 488 1270 nos
501 1221 577 1286 potius
593 1221 677 1268 Rornae
690 1217 738 1266 nni
748 1233 806 1278 esse,

134 1299 239 1398 quiriiiil
247 1284 418 1398 eqdul'cnuireairiem
433 1364 479 1396 non
491 1351 657 1399 morabanturr
674 1355 730 1394 sunt
742 1346 807 1394 enim

134 1411 295 1526 [detextibut
306 1413 396 1462 vidisti:
414 1422 506 1461 tantum
514 1413 659 1461 librariorum
665 1411 751 1460 menda
762 1411 808 1458 tol-

134 1477 222 1526 luntur.
271 1495 284 1526 e
301 1479 386 1542 quibus
398 1478 462 1526 libris
476 1477 519 1525 seis
529 1493 568 1525 me
578 1475 710 1524 dubitdmer
728 1475 769 1523 sed
780 1483 806 1522 tn

133 1542 224 1591 videris.
242 1542 311 1604 Item,
323 1558 380 1607 quos
391 1543 466 1590 Bruto
476 1541 598 1602 mittimus,
609 1542 633 1588 in
644 1539 753 1589 munibus
764 1539 808 1589 hn-

135 1608 190 1654 bent
200 1607 296 1655 librarii.
665 1615 666 1618 ’

133 1693 135 1699 v
168 1671 225 1719 Mes
243 1671 360 1730 mandate,
380 1679 407 1718 ut
424 1670 511 1728 scribis,
531 1669 635 1733 expliosz
660 1683 806 1733 quamquam

133 1733 180 1781 ists
187 1735 312 1782 retentione
319 1750 399 1782 omnes
409 1735 442 1783 eit
452 1735 487 1782 uti
494 1733 631 1782 Trebatius:
643 1733 701 1797 quid
712 1741 738 1780 tu
749 1731 806 1778 istos

133 1801 221 1860 putes?
238 1799 299 1845 nesti
312 1799 423 1846 domum:
441 1815 512 1863 quere
522 1797 606 1846 oonfice
617 1795 744 1860 [ευλογως]
763 1795 806 1842 In-

134 1861 242 1909 credibile
258 1869 301 1919 est,
317 1877 388 1924 quem
401 1878 444 1925 ego
457 1863 501 1910 iste
516 1877 562 1910 non
573 1877 658 1910 eurem.
676 1861 751 1909 omni
762 1859 805 1907 tibi

133 1926 298 1973 memnone
316 1925 414 1986 affinno,
436 1927 509 1990 (quod
530 1927 589 1973 mihi
609 1925 696 1981 credas,
717 1924 804 1981 velim)

132 1989 193 2036 mihi
205 1990 287 2051 majori
298 1989 425 2038 offensioni·
433 2005 489 2050 esse,
504 2006 576 2054 quam
588 1988 739 2044 delectationi,
751 2002 805 2050 pos-

132 2053 284 2103 sessiunoules
300 2069 371 2102 mess.
391 2054 471 2118 Magis
485 2055 547 2103 enim
564 2055 638 2112 doleo,
649 2067 688 2101 me
703 2067 751 2099 non
761 2051 805 2098 be-

131 2117 195 2177 bere,
207 2119 244 2168 cui
254 2119 353 2178 badam,
367 2134 438 2182 quern
448 2119 540 2177 hebere,
552 2119 593 2181 qul
604 2126 664 2165 utar.
680 2118 760 2179 Atque
774 2115 804 2162 il·

134 2181 175 2226 lud
186 2182 309 2230 Trebatius
320 2199 344 2230 se
354 2183 396 2230 tibi
407 2182 490 2231 dixisse
501 2185 621 2230 narrabat:
639 2189 755 2229 tuentem
764 2195 804 2226 ve-

131 2243 191 2292 ritus
210 2261 234 2292 es
251 2246 353 2304 fortasse,
371 2261 401 2294 ne
416 2261 458 2309 ego
474 2247 559 2294 invitus
573 2246 685 2294 audirem.
707 2244 765 2292 Fuit
779 2243 804 2302 id

135 2307 229 2368 quidem
237 2309 402 2358 humanitatis:
420 2311 468 2367 sed,
479 2311 538 2358 mibi
552 2310 626 2368 crede,
639 2311 690 2371 jem
700 2309 745 2356 ista
755 2321 803 2356 non

133 2383 196 2418 curo.
214 2371 301 2433 Quare,
313 2374 344 2421 do
354 2387 377 2422 te
386 2375 411 2421 in
422 2389 559 2432 sermonem,
571 2382 594 2422 et
603 2389 702 2438 persero,
714 2381 738 2420 et
749 2385 804 2420 oon·

132 2431 183 2490 fiee,
190 2436 276 2506 'excite
288 2437 409 2500 compella,
423 2439 525 2502 loquere,
536 2447 563 2486 ut
573 2447 596 2486 te
607 2453 660 2486 enm
671 2437 713 2484 illo
724 2435 805 2484 Sessvb

131 2494 197 2557 loqur
205 2509 281 2570 putes.
300 2502 340 2548 Ne
357 2502 474 2550 existimes
489 2519 536 2563 eos,
551 2501 593 2566 qui
603 2517 650 2550 non
660 2501 739 2550 debita
750 2514 804 2548 con·

134 2566 212 2612 mn
229 2563 324 2623 soleant,
336 2565 398 2628 quod
415 2565 533 2626 debeatur,
548 2567 689 2615 remissurus.
711 2563 803 2612 Dedit

133 2629 223 2670 tentrrm
234 2624 318 2688 videto,
327 2636 350 2676 et
361 2629 474 2694 idipsum
484 2633 545 2680 bono
555 2630 632 2678 modo.
660 2669 662 2676 .
