1820 2928
118 199 166 248 28¹1
232 199 283 247 Al)
293 199 325 258 Q.
339 193 520 246 FRATREM.
538 195 603 244 bra.
615 197 639 244 1.
652 201 678 245 2.

120 333 169 374 eret
186 324 376 384 summarium
390 335 465 374 tecum
483 324 613 386 desederet,
633 339 721 389 neque
739 334 807 372 antes

121 388 183 438 vinis
194 400 259 449 esset,
271 392 378 448 sustulite
395 389 419 437 id
429 389 488 437 mihi
498 403 546 438 non
556 389 716 438 incommode
727 390 806 438 viarm

120 462 155 502 est
170 455 282 503 accidisse.
303 455 438 504 Exhaustus
453 454 516 502 eninr
527 462 561 502 est
571 469 652 502 sermo
663 455 806 512 hominnm,

122 526 145 564 et
159 519 239 568 multis
249 520 338 568 emissa
346 521 395 581 jam
406 519 519 580 ejusmodi
533 533 609 577 voees,
625 519 685 565 αλλ’
698 537 745 565 aru
760 537 808 566 rasa

122 589 187 644 φωτα
200 602 281 644 puysie
301 601 361 649 quae,
372 591 395 631 te
405 586 506 642 absente,
515 583 619 630 oonfetts
629 597 682 630 esse
692 583 775 632 letor.

154 645 226 704 Quod
244 658 322 698 sutem
337 647 571 696 ideireostemissus
587 653 632 706 est,
653 647 719 694 mibi
736 657 766 695 ut
782 661 806 694 se

122 721 239 774 purgaret,
248 712 273 761 id
283 729 372 762 neeesse
379 711 474 760 minime
480 710 533 758 fuit
545 711 657 760 Primum
666 711 737 758 enim
744 727 806 759 nun-

140 789 194 822 uam
204 777 244 824 ille
251 778 308 826 mibi
317 777 362 824 fuit
372 784 488 840 suspectus
497 792 504 822 r
522 791 598 838 neque
608 789 663 838 ego,
676 791 736 839 quae
744 776 776 824 ad
785 785 806 824 te

123 789 204 886 deillo
218 842 304 905 scripsi,
316 841 394 904 scripsi
411 856 463 888 meo
480 839 582 901 judioior
600 839 650 898 sed,
668 855 730 888 cum
746 840 805 887 ratio

47 899 52 910 ⁴
125 903 231 966 salusque
239 906 342 954 omnium
355 907 459 952 nostrum
474 904 515 968 qui
526 903 556 951 ad
568 918 616 950 rem
628 903 758 966 publicam
767 919 804 952 ae·

127 967 236 1026 sedimus,
247 983 293 1017 non
304 968 397 1017 veritate
407 969 492 1027 solum,
504 967 624 1016 sedetiam
635 967 705 1014 famis
717 969 805 1016 nitera-

128 1039 175 1088 tur,
186 1046 299 1080 sermones
308 1033 337 1081 ad
347 1041 370 1080 te
384 1031 483 1079 aliorum
498 1047 595 1095 semper,
606 1045 654 1079 nou
666 1046 724 1079 mea
740 1033 805 1093 judi·
873 1079 874 1088 ,

128 1094 170 1154 da,
181 1097 307 1160 perscripsi.
323 1097 373 1156 Qui
383 1095 478 1160 quidem
489 1112 560 1160 quam
570 1095 705 1158 frequentes
717 1105 803 1156 essent,

129 1167 152 1206 et
162 1175 233 1222 quam
244 1177 330 1226 grava,
343 1161 442 1209 adventu
453 1177 495 1209 suo
506 1160 592 1209 Statius
602 1159 652 1223 ipse
664 1161 787 1222 emovit.

172 1223 267 1274 Etenim
287 1225 408 1274 intervenit
427 1226 591 1273 nonnullorum
612 1225 726 1287 querelis,
751 1241 804 1288 quse

131 1287 194 1352 apud
206 1305 244 1338 rue
260 1291 288 1340 de
298 1289 339 1340 illo
352 1291 402 1355 ipso
412 1291 571 1338 habebantur:
587 1296 610 1336 et
619 1288 706 1336 sentire
716 1290 804 1352 pontit,

131 1369 246 1404 sermones
260 1355 393 1420 iniquorum
413 1355 438 1402 in
456 1369 525 1402 suum
546 1352 695 1416 potissimum
716 1367 805 1401 nomer
873 1399 874 1424 ,

135 1435 261 1486 enrmpers.
278 1420 348 1480 Quod
358 1429 435 1469 autem
444 1434 482 1466 me
492 1417 594 1466 maxime
603 1431 697 1464 movere
705 1419 804 1476 solebat,

135 1499 191 1533 cum
199 1486 328 1546 audiebam,
339 1485 406 1532 illum
417 1485 469 1548 plus
479 1482 542 1546 apud
549 1491 572 1530 te
582 1497 655 1544 posse,
667 1497 743 1544 quam
752 1499 804 1546 gra·

135 1549 193 1600 vitas
209 1551 271 1599 illius
290 1551 361 1600 aetatis
373 1557 395 1598 et
412 1547 501 1611 imperii
513 1546 641 1610 'prudentia
659 1547 802 1608 postularet:

139 1617 221 1678 (quam
231 1617 316 1664 multos
327 1615 387 1663 euim
393 1628 484 1660 mecum
494 1611 565 1674 egisse
575 1619 652 1673 putas,
661 1619 689 1656 ut
696 1626 721 1658 se
729 1611 803 1659 Statio

139 1681 342 1736 commendarem?
359 1693 429 1743 quam
444 1676 519 1724 multa
532 1684 609 1722 autem
623 1674 702 1738 ipsum
714 1685 802 1732 αφελως

136 1759 229 1790 meeum
245 1745 270 1790 in
285 1759 388 1790 sermone
402 1743 434 1790 ita
447 1739 585 1805 prosilisse?
603 1741 621 1768 “
633 1737 664 1786 Id
678 1739 741 1786 mihi
755 1754 799 1786 non

137 1806 237 1868 placuit:
255 1806 343 1864 monui,
355 1807 424 1865 suasi,
436 1804 574 1862 deterrui'')
591 1802 684 1861 Quibus
695 1803 721 1850 in
732 1807 799 1852 rebus

136 1869 223 1916 etiamsi
234 1867 330 1915 fidelitas
340 1885 432 1917 summa
438 1878 471 1918 est
479 1867 550 1932 (quod
556 1881 650 1931 prorsus
654 1867 734 1925 eredo,
743 1883 799 1930 quo·

136 1932 199 1979 niam
210 1939 236 1977 tu
247 1931 279 1976 ita
287 1932 396 1992 judicas),
408 1943 484 1982 umen
495 1933 578 1996 speeies
588 1931 638 1994 ipsa
648 1939 697 1980 tans
708 1931 797 1994 gratiosi

135 1993 219 2049 liberti,
230 2002 271 2040 aut
285 1996 352 2055 servi,
363 1997 498 2060 dignitatem
516 1997 598 2044 habere
612 1993 703 2042 nullam
720 2003 797 2058 potest.

136 2061 218 2121 Atque
227 2057 271 2106 hoc
281 2059 313 2107 sic
323 2061 406 2109 habeto
417 2062 486 2114 (nihil
496 2061 557 2109 enim
567 2073 609 2108 nec
620 2067 707 2108 temm
718 2061 795 2118 dions,

136 2135 177 2170 nee
185 2129 259 2169 astute
269 2124 368 2183 reticere,
379 2126 461 2184 debeo)
474 2125 594 2173 materiam
610 2137 705 2172 omnem
716 2139 795 2172 sermo·
873 2171 874 2196 ,

135 2199 193 2234 num
201 2201 288 2248 eorum,
300 2189 342 2252 qui
352 2189 381 2237 de
392 2197 414 2236 te
422 2190 539 2238 detrahere
549 2189 641 2248 vellent,
650 2189 750 2236 Statium
760 2189 794 2236 de
873 2197 874 2200 ’

133 2248 208 2296 disses
226 2259 325 2299 mantea
335 2261 426 2300 tautum
440 2253 538 2316 intelligi
550 2252 658 2316 potuisse,
675 2253 794 2301 iratostsra
873 2255 874 2304 fi

133 2312 247 2360 severitati
265 2330 312 2364 esse
334 2317 472 2372 nonnullum
494 2318 538 2365 boc
556 2316 707 2376 manumisso,
728 2317 792 2375 irst'u,
873 2325 874 2336 ¹

132 2375 195 2434 quod
206 2377 360 2438 loquerentur,
372 2393 418 2426 non
429 2379 535 2427 defuisse.
873 2383 874 2386 ’

165 2438 200 2482 ΙΙ.
214 2439 285 2486 Nunc
303 2441 443 2516 respondebo
453 2443 483 2488 ad
494 2459 532 2490 eas
547 2443 653 2506 epistolas
668 2459 727 2508 quas
741 2443 792 2491 mihi
873 2463 874 2486 t

128 2498 227 2571 reddidit
243 2501 273 2548 Is
285 2503 381 2562 Crestus,
393 2505 449 2562 (cui,
461 2507 572 2567 quoniam
583 2508 616 2555 ita
630 2516 653 2554 te
664 2509 724 2554 velle
733 2508 792 2555 intel·
873 2503 874 2538 3

125 2559 182 2632 115⁰»
193 2562 258 2636 nullo
268 2565 318 2612 loco
328 2567 404 2624 deuo)
415 2581 515 2630 querum
528 2571 601 2620 altera
611 2580 645 2619 est
657 2571 687 2618 de
697 2571 791 2620 Blande·

36 2631 39 2736 p
126 2635 166 2692 nro
181 2623 292 2684 Zeuxide,
304 2643 374 2690 quem
390 2631 469 2678 scribis
483 2631 638 2682 certissimum
654 2635 790 2682 matricida

126 2684 167 2720 ἸΝ
179 2701 192 2720 ²
203 2700 240 2720 m·
251 2687 333 2739 intime
346 2693 509 2741 sommendari.
527 2697 583 2756 Qui
590 2698 621 2746 de
631 2712 665 2758 re,
680 2706 705 2746 et
714 2699 743 2746 de
751 2699 788 2746 bot
