2002 2926
266 223 318 274 ιι)
333 210 508 277 eumcum.-
523 221 584 272 ms.
596 221 643 271 rx.
663 183 700 270 ιι.
787 219 818 274 ιι

49 355 50 360 ’
152 365 156 374 ·
182 352 435 402 Deleetushubenturr
452 352 477 400 in
492 351 589 402 hiberno
604 351 756 400 dedumntur.
775 347 822 408 Ee,

49 419 50 476 s
151 433 213 482 que,
231 418 301 466 etism
320 433 374 479 curn
392 418 483 466 ebonis
493 416 555 476 viris,
572 432 626 466 eum
639 414 736 478 justoin
750 413 821 472 bello,

149 496 205 537 eum
217 482 321 530 modeste
331 483 399 542 fiunt,
411 490 489 530 tomen
499 482 550 544 ipss
560 497 601 545 per
611 497 635 530 se
645 480 741 554 moleste
757 486 821 554 sunt,
854 521 860 536 ,

150 562 223 610 quom
234 561 311 594 censes
318 549 400 595 eeerbs
409 561 472 594 nuno
482 561 538 604 esse,
550 561 604 594 eum
615 561 629 593 s
708 554 745 602 trs,
756 558 781 590 ur
791 557 824 590 cr-

49 607 50 614 ’
152 611 193 658 vili
202 611 289 658 nefario
299 611 369 669 bello,
384 610 565 673 petulantissime
579 611 650 658 fiant.
671 609 733 658 Cave
743 617 822 656 autem

151 683 229 750 putes²
249 689 391 749 quemquam
403 675 521 749 iromirrem
535 673 643 750 inultniiis
659 681 751 736 turpem
765 687 821 730 esse,

152 737 418 866 tresorum&
427 739 823 850 m„

152 881 210 922 nese
228 866 269 914 sed
279 881 400 930 nunquam
410 881 457 914 uno
467 867 518 915 loeo
528 867 637 916 viderem.

186 931 314 994 Pergamus
325 931 404 994 igitur,
415 946 463 995 quo
472 931 562 995 plaeetr
579 939 603 980 et
612 939 690 979 nostre
700 925 779 978 omnio
788 944 824 978 re·

146 995 294 1060 ,linquemus
313 995 487 1044 Proiieisoomur
500 993 530 1044 od
543 1011 607 1055 eum,
619 997 656 1044 eui
670 995 756 1059 gratior
771 1009 824 1042 nos·

151 1069 186 1110 ter
196 1059 308 1110 adventus
316 1061 367 1120 erit,
392 1075 448 1108 uem
459 1060 532 1108 eiuni
542 1060 671 1108 fuissemus.
688 1059 754 1107 Tum
762 1059 825 1106 euim

151 1139 243 1174 eremus
254 1124 279 1172 in
290 1140 329 1172 me
346 1125 352 1136 ’
408 1137 465 1188 spes
482 1139 553 1185 nune,
564 1141 607 1188 ego
617 1119 721 1188 quidem,
731 1123 756 1170 in
771 1123 825 1172 nui·

150 1190 191 1238 les
209 1203 260 1247 nee,
271 1199 354 1252 preter
367 1205 415 1248 me,
427 1189 550 1252 quisquam
563 1188 633 1236 leant
644 1189 716 1248 oeesit,
728 1184 773 1236 nisi
783 1182 825 1251 qui

154 1254 218 1302 hune
232 1253 354 1302 inimicum
372 1253 416 1301 sibi
432 1261 531 1318 putaret.
549 1253 600 1301 Neo
616 1253 766 1316 (mehercule)
780 1253 825 1300 hoc

151 1317 212 1366 focio
222 1317 353 1381 reipublieae
363 1318 440 1376 eaesi,
449 1333 521 1381 quern
528 1317 633 1365 funditus
640 1317 739 1366 deletum
749 1323 825 1380 putot

153 1381 195 1430 sed
202 1381 292 1444 nequis
302 1397 340 1428 me
351 1389 417 1445 putet
422 1383 539 1444 ingratum
545 1382 570 1428 in
578 1397 642 1442 eum,
649 1381 690 1445 qui
697 1381 826 1429 melevevit

154 1445 183 1492 iis
199 1444 358 1503 ineommodis‚
377 1445 461 1508 quibus
479 1445 542 1493 idem
561 1444 682 1500 effecerots
704 1452 727 1492 et
745 1445 824 1504 simul,

155 1507 219 1572 quod
230 1524 265 1567 ee,
278 1524 331 1572 quae
344 1507 412 1567 fiunt,
428 1517 469 1556 out
483 1524 536 1572 quse
549 1517 608 1557 certe
624 1508 704 1556 futuro
717 1516 780 1567 sunt,
791 1509 826 1556 vi·

154 1573 209 1620 dere
220 1587 267 1620 non
323 1587 384 1620 sum.
408 1572 488 1620 Etiam
499 1573 606 1636 equidem
622 1573 827 1620 senetirsoonsrrlte

153 1637 216 1684 seete
226 1653 259 1700 qu
343 1638 393 1697 jem
403 1645 476 1700 puto3
493 1637 584 1685 uduem
594 1637 619 1684 in
627 1637 727 1686 Voloetii
737 1647 828 1686 sennu-

154 1701 228 1750 tiam!
247 1701 293 1750 Sed
304 1701 361 1764 quid
371 1701 459 1748 refert?
476 1711 510 1750 est
524 1701 587 1750 enim
597 1715 645 1748 une
655 1702 767 1749 sententie
776 1716 827 1749 om-

154 1766 231 1814 nium.
247 1765 294 1814 Sed
304 1765 348 1813 erit
357 1765 520 1827 injustissimus
531 1766 632 1824 Servius,
643 1765 685 1830 qui
695 1765 771 1814 filium
782 1765 827 1814 mi·

154 1831 186 1880 sit
196 1831 227 1878 ud
237 1829 387 1894 effligendum
398 1831 442 1878 Gn.
455 1831 603 1894 Pompeium,
614 1838 656 1878 sut
666 1839 726 1879 certe
736 1830 827 1894 copien-

155 1895 223 1954 dum,
235 1911 289 1942 eum
300 1893 385 1943 Pontio
398 1894 535 1943 Titinisnos
552 1895 595 1943 etsi
604 1895 643 1958 hie
653 1894 748 1970 quidem
758 1896 829 1944 timo-

154 1960 187 2009 ris
196 1959 281 2016 eeusi3
298 1959 338 2007 ille
345 1975 399 2008 vero
411 1992 432 2007 ..
442 1993 465 2007 ..
476 1959 522 2008 Sed
532 1960 668 2008 stomnehnrr
678 1959 827 2014 desinemusz

155 2033 180 2074 et
190 2023 314 2088 aliquando
322 2023 467 2088 seutentiam,
478 2033 506 2072 ut
515 2024 575 2072 nihil
585 2024 648 2082 novi,
658 2023 704 2071 nisi
712 2021 757 2084 [id
764 2021 828 2088 quod

156 2087 284 2136 minimum
294 2087 400 2152 vellem‚]
412 2088 519 2152 spiritum
529 2087 646 2151 reiiquum
656 2102 712 2136 esse.
816 2111 819 2120 ι

188 2153 249 2212 Νοι,
268 2153 379 2216 quonium
398 2153 513 2216 Superum
527 2153 596 2200 Mure
608 2151 733 2211 obsidetur,
750 2151 830 2201 rutero

156 2217 334 2280 navigabimus3
352 2217 414 2286 ensi
425 2217 529 2266 Puteolis
539 2216 582 2264 erit
592 2215 692 2276 difficile,
704 2216 829 2266 Crotonem

155 2291 270 2346 petemus,
282 2288 324 2329 sut
336 2280 454 2338 Thurios3
472 2290 503 2339 et„
518 2281 574 2330 boni
588 2280 656 2340 eires,
672 2291 775 2330 ementes

155 2345 215 2406 trite,
222 2361 287 2393 mere
296 2345 406 2393 infestum
416 2345 561 2394 habebimus.
578 2344 778 2394 Alinmretionem
803 2361 831 2393 u·

154 2411 195 2472 jus
212 2408 269 2459 belli
285 2408 380 2472 gerendi
395 2409 487 2458 nullum
497 2409 570 2458 video.
593 2409 624 2457 In
637 2409 771 2472 AEgyptum
788 2424 830 2460 nne

157 2473 289 2522 audemus?
307 2473 408 2522 exereitu
494 2489 543 2522 esse
555 2488 601 2522 non
655 2489 750 2522 sumusr
767 2472 831 2538 pneris

62 2581 65 2588 ,
157 2537 215 2585 fides
233 2538 299 2585 nulla
313 2545 355 2586 est.
440 2537 489 2586 hee
502 2538 556 2586 sotis
569 2488 687 2600 sepi-ddecet
702 2546 763 2586 sunt.
780 2538 830 2595 Tu,

157 2601 237 2660 velim,
248 2601 325 2650 literas
336 2601 472 2666 Cephalioni
482 2601 522 2651 des
532 2602 561 2651 de
568 2601 677 2651 omnibus
687 2604 756 2650 rebus
766 2601 831 2658 aeds,

158 2665 259 2730 denique
269 2665 339 2714 etism
354 2666 384 2714 de
401 2667 544 2716 sermonibus
553 2666 692 2722 hominum
709 2665 832 2728 nisiplur·

159 2733 333 2780 obmutuerunt·

191 2793 294 2858 (Epist.)
313 2807 376 2843 von.
389 2807 433 2842 ιιι.
650 2809 668 2844 ιι
