1820 2928
145 167 193 216 Μ
244 165 295 214 ΑΙ)
310 163 481 213 micum.
499 158 559 212 isra.
576 161 651 212 XVI.
668 164 706 210 15.

145 297 218 344 romb.
229 283 390 358 perspiciemus
400 293 426 340 in
436 289 535 341 Curi-'⁹
551 291 615 339 Mihi
626 291 817 339 raiie'araerraru

145 369 186 408 eat
203 359 361 418 Quamobrem
371 359 421 406 huo
428 357 523 421 quidem
533 356 651 404 hattenua

177 423 248 483 Quod
262 422 378 485 reliquum
388 431 431 480 ert,
441 421 544 484 quotidie
558 420 688 468 tabellarios
703 421 818 476 habehiae

144 496 176 544 et,
186 496 214 535 ut
224 503 267 550 ego
280 487 385 545 arbitror,
396 486 465 534 etiam
474 485 537 549 quod
547 485 639 543 aeribus,
650 485 749 533 habebis
760 501 820 549 quo·

145 551 207 599 tidie.
223 553 305 615 Lepta
314 551 432 598 literarum
444 550 576 612 exemplum
588 549 630 596 tibi
641 549 710 605 misia
727 565 759 597 ex
771 565 819 613 quo

145 617 204 665 mihi
215 616 305 664 videtur
314 617 460 677 στρατυλλαέ
469 614 509 661 ille
518 614 619 674 dejectus
629 613 660 661 de
669 614 755 677 gradu.
772 613 820 663 Sed

145 689 181 740 tu,
193 695 246 728 cum
256 680 346 743 legeris,
358 679 505 726 existimabis.

179 743 307 808 obsignari
314 745 364 804 jam
373 741 475 805 epistoli,
487 743 563 792 literne
573 751 620 791 ate
635 752 658 790 et
667 759 683 790 a
696 743 771 792 Sexto
780 759 820 792 ac·

146 810 203 872 cepi.
219 809 286 857 Nihil
296 807 420 870 jucundius
430 807 501 854 literis
516 807 589 867 Sexti,
601 807 660 855 nihss
675 809 815 856 amabilius:

146 889 201 921 nam
212 881 265 930 tuae,
277 875 370 928 brevem
387 872 473 934 priores
483 880 547 919 erant
558 872 688 920 uberrime.
706 873 749 919 ru
765 873 819 936 qui-

146 937 199 985 dem
211 946 234 984 et
244 937 366 1000 prudenter
376 935 399 983 ei
409 936 481 984 amioe
492 936 581 991 euodes,
593 937 653 983 utin
664 937 768 984 hiaioeia
776 951 818 1000 po-

146 1001 260 1049 tissimum
271 1000 324 1059 oim,
335 1000 412 1062 quoad
422 999 552 1055 audiamus,
563 999 621 1058 huo,
633 1016 687 1062 quur
700 1009 818 1048 commota

145 1073 207 1124 aunt,
216 1079 327 1127 quorsum
335 1063 439 1111 evadant.
456 1064 502 1112 Sed
511 1078 558 1120 me,
564 1064 599 1110 mi
606 1064 695 1123 Attice,
702 1079 750 1111 non
763 1079 818 1112 sane

145 1129 189 1176 hoo
199 1128 293 1191 quidem
304 1137 406 1191 tempore
416 1136 493 1175 movet
501 1128 643 1190 respubiioar
656 1143 704 1175 non
715 1143 765 1191 quo
775 1138 816 1176 aut

145 1193 175 1240 rit
191 1193 250 1240 mihi
264 1192 392 1268 quidquam
403 1192 484 1250 mnus,
498 1201 597 1239 auterre
607 1191 706 1248 debean
724 1192 765 1240 eod
776 1193 817 1240 de-

145 1257 239 1320 speratis
245 1265 314 1304 etrum
324 1257 541 1319 Hippocratesvetat
548 1255 657 1304 adhibere
666 1256 815 1305 medicinam.

146 1321 226 1380 Quare
235 1322 279 1369 ista
295 1321 400 1368 valeant:
419 1335 458 1368 me
470 1335 506 1368 roa
517 1320 636 1368 familiaria
652 1329 748 1369 movete
766 1337 815 1370 rem

145 1386 215 1435 dico?
231 1387 304 1434 immo
312 1401 364 1434 vero
375 1385 520 1432 existimatio.
539 1383 601 1432 Cum
613 1385 675 1432 euim
686 1394 753 1434 tanta
763 1388 816 1434 reli.
887 1413 888 1439 ᾗ

144 1467 191 1516 qua
202 1452 263 1507 oint3
281 1465 310 1498 ne
318 1449 433 1497 Terentiae
442 1449 537 1512 quidem
547 1449 631 1508 adhuc,
642 1449 705 1512 quod
717 1451 814 1511 solvam,

144 1517 278 1579 expeditum
289 1523 329 1563 est.
343 1513 477 1561 Terentiam
487 1513 557 1561 dico?
568 1513 611 1560 sois
618 1529 660 1561 noo
668 1514 759 1577 pridem
764 1517 814 1576 jam
886 1547 887 1583 ἦ

144 1581 286 1628 constituisse
295 1578 404 1626 Montani
423 1577 518 1625 nomine
533 1577 576 1624 HS
593 1575 668 1624 XXV
683 1579 813 1628 dissolvere.

145 1644 364 1692 Pudentisaimehoo
376 1641 456 1691 Cioero
466 1642 569 1705 petierat,
581 1651 609 1689 ut
619 1641 665 1690 fide
675 1643 726 1690 aui.
744 1644 814 1692 Libe.

144 1707 263 1767 ralisaime,
283 1717 310 1755 ut
329 1707 372 1755 tibi
391 1721 483 1770 quoque
506 1707 630 1770 placuerat,
648 1705 812 1770 promiseramg
885 1709 886 1727 ¹

143 1771 256 1834 Erotique
263 1771 375 1830 dixeram,
384 1779 411 1818 ut
419 1771 542 1834 sepositum
549 1770 649 1818 haberet
663 1771 720 1819 Non
728 1772 812 1830 modo;

144 1834 183 1882 aed
191 1834 334 1898 iniquissimo
342 1835 426 1882 foenore
437 1849 554 1882 versuram
565 1834 638 1882 facero
648 1835 761 1883 Aurelius
775 1853 813 1884 eo-

143 1905 207 1945 actuo
218 1907 259 1946 rot.
284 1899 357 1958 Nam,
371 1899 399 1946 de
413 1898 528 1946 'ferentiae
541 1899 643 1956 nomine,
662 1899 721 1947 Tiro
736 1901 764 1947 ad
776 1917 814 1949 me

143 1962 240 2026 arripnit,
253 1971 276 2011 te
286 1963 367 2020 dicere,
385 1977 493 2011 nummos
510 1963 658 2011 aDolabeiii
667 1963 724 2011 iore.
747 1965 813 2014 Male

143 2043 198 2076 eum
209 2028 276 2076 credo
291 2027 469 2086 intellexiaoe,si
495 2027 602 2092 uisquam
613 2029 675 2076 male
688 2029 810 2092 intelligia

143 2093 228 2156 potius,
240 2092 299 2139 nihil
313 2091 458 2139 inteflexiaae,
479 2043 522 2138 9l'u
533 2092 594 2139 enim
605 2092 635 2139 ad
650 2108 689 2140 me
705 2095 810 2156 wipoieti

130 2157 233 2204 'Cocceii
243 2169 386 2218 responsum,
396 2163 418 2201 et
429 2155 509 2202 iisdem
517 2171 583 2218 pane
593 2157 668 2205 verbio
679 2158 746 2205 Eros.
764 2159 809 2207 Va-

139 2219 254 2266 ‘niendum
270 2227 304 2266 est
316 2217 387 2280 igitur
397 2219 432 2265 vei
444 2219 468 2265 in
479 2219 553 2282 ipsum
566 2220 693 2268 fluumam.
709 2221 809 2286 Turpius

142 2289 177 2328 eet
191 2283 254 2329 enim
271 2281 380 2344 privatim
396 2282 483 2341 eadere,
501 2297 573 2346 quam
591 2285 690 2346 publioe.
719 2287 807 2350 itaque,

141 2345 227 2392 oaeteria
243 2345 272 2392 de
285 2347 361 2404 rebus,
373 2359 430 2408 quea
447 2346 477 2393 ad
495 2361 534 2393 me
551 2348 685 2396 suavissime
695 2350 807 2413 scripsisti,

142 2409 274 2466 perturbato
284 2408 369 2466 animo,
382 2423 428 2455 non
442 2411 516 2472 potui,
530 2418 558 2457 ut
572 2414 716 2470 oonsueram,
733 2415 808 2462 reoori·

140 2467 200 2514 bere.
224 2470 334 2517 Consenti
344 2471 368 2517 in
380 2472 422 2519 hae
433 2474 496 2532 ouri,
508 2475 550 2521 ubi
567 2491 628 2532 sum,
645 2485 672 2523 ut
687 2491 726 2524 me
742 2493 806 2541 erpe-

137 2527 217 2578 diuma
234 2533 319 2593 quibua
338 2543 416 2581 autem
432 2539 509 2596 rebus,
521 2539 584 2586 venit
601 2538 696 2602 quidem
710 2541 769 2588 mihi
783 2542 803 2588 in

139 2600 255 2640 mentem:
271 2596 313 2650 aed
324 2605 383 2643 oerte
393 2599 530 2648 constituere
544 2603 602 2649 nihil
619 2619 724 2666 pomum,
736 2605 804 2668 prior·

142 2667 210 2701 *uam
226 2663 249 2701 te
260 2658 344 2706 videro.
367 2659 418 2718 Qut
430 2663 512 2714 minuo
528 2674 606 2715 eutem
621 2681 664 2730 ego
682 2668 733 2718 irtio
750 2679 803 2718 reete
